@article{Christ's_Portrait,
    author = "Da Vinci",
    title = "En prenant l'exemple du portrait du Christ par {L}éonard de {V}inci. \newline
{L}es experts ont determiné en analysant les différentes couches de la peinture, jusqu'à l'esquice du portrait où la position du pouce diffère de la version finale, ce qui est stupide de représenter dans un brouillon lors de la création d'une copie.\newline {I}ls ont donc determiné qu'il s'agissait de l'original.\newline {L}a peinture a explosé de 200\$\ à 450Millions\$\ \newline {L}'oeuvre est passée dans les mains d'expert, de restaurateurs, de critique et de nombreux créanciers.",
    year = "",
    journal = "",
}
